@online{RapperWords,
author = {Matt Daniels},
title = {The Largest Vocabulary in Hip Hop},
year = {2014},
url = {http://rappers.mdaniels.com.s3-website-us-east-1.amazonaws.com/},
}
@conference{nameThatTune:1993,
  title={Name that Tune! An Introduction to Musical Information Retrieval},
  author={Tague-Sutcliffe, Jean and Downie, Stephen and Dunne, Shane},
  booktitle={Proceedings of the 21st Annual Conference of the Canadian Association for Information Science},  
  year={1993},
  pages={204-216}
}
@conference{recommendation:2010,
  title={Music Recommendation in the Personal Long Tail: Using a Social-based Analysis of a User's Long-Tailed Listening Behavior},
  author={Kibeom Lee and Woon Seung Yeo and Kyogu Lee},
  booktitle={Proceedings of the Workshop on Music Recommendation and Discovery (WOMRAD)},
  year={2010},
  pages={47-54}
}
@article{ARIS:ARIS1440370108,
author = {Downie, J. Stephen},
title = {Music information retrieval},
journal = {Annual Review of Information Science and Technology},
volume = {37},
number = {1},
publisher = {Wiley Subscription Services, Inc., A Wiley Company},
pages = {295-340},
year = {2003},
}
@conference{McFee:2012:MSD:2187980.2188222,
 author = {McFee, Brian and Bertin-Mahieux, Thierry and Ellis, Daniel P.W. and Lanckriet, Gert R.G.},
 title = {The Million Song Dataset Challenge},
 booktitle = {Proceedings of the 21st International Conference Companion on World Wide Web},
 year = {2012},
 location = {Lyon, France},
 pages = {909-916},
 publisher = {ACM},
 address = {New York, NY, USA}
} 

@article{doi:10.1300/J116v02n03_01,
author = {Temperley, Nicholas},
title = {The Problem of Definitive Identification in the Indexing of Hymn Tunes},
journal = {Music Reference Services Quarterly},
volume = {2},
number = {3-4},
pages = {227-239},
year = {1993}
}
@inproceedings{Li:2003:CSC:860435.860487,
 author = {Li, Tao and Ogihara, Mitsunori and Li, Qi},
 title = {A Comparative Study on Content-based Music Genre Classification},
 booktitle = {Proceedings of the 26th Annual International ACM SIGIR Conference on Research and Development in Informaion Retrieval},
 year = {2003},
 location = {Toronto, Canada},
 pages = {282-289},
 numpages = {8},
 publisher = {ACM},
 address = {New York, NY, USA}
} 
@ARTICLE{1021072, 
author={Tzanetakis, G. and Cook, P.}, 
journal={Speech and Audio Processing, IEEE Transactions on}, 
title={Musical genre classification of audio signals}, 
year={2002}, 
month={Jul}, 
volume={10}, 
number={5}, 
pages={293-302}
}
@inproceedings{mckay2006musical,
  title={Musical genre classification: Is it worth pursuing and how can it be improved?},
  author={McKay, Cory and Fujinaga, Ichiro},
  booktitle={ISMIR},
  pages={101--106},
  year={2006}
}