@conference{nameThatTune:1993,
  title={Name that Tune! An Introduction to Musical Information Retrieval},
  author={Tague-Sutcliffe, Jean and Downie, Stephen and Dunne, Shane},
  booktitle={Proceedings of the 21st Annual Conference of the Canadian Association for Information Science},  
  year={1993},
  pages={204-216}
}

@conference{recommendation:2010,
  title={Music Recommendation in the Personal Long Tail: Using a Social-based Analysis of a User's Long-Tailed Listening Behavior},
  author={Kibeom Lee, Woon Seung Yeo, Kyogu Lee},
  booktitle={Proceedings of the Workshop on Music Recommendation and Discovery (WOMRAD)},
  year={2010},
  pages={47-54}
}

@inproceedings{McFee:2012:MSD:2187980.2188222,
 author = {McFee, Brian and Bertin-Mahieux, Thierry and Ellis, Daniel P.W. and Lanckriet, Gert R.G.},
 title = {The Million Song Dataset Challenge},
 booktitle = {Proceedings of the 21st International Conference Companion on World Wide Web},
 series = {WWW '12 Companion},
 year = {2012},
 isbn = {978-1-4503-1230-1},
 location = {Lyon, France},
 pages = {909--916},
 numpages = {8},
 url = {http://doi.acm.org/10.1145/2187980.2188222},
 doi = {10.1145/2187980.2188222},
 acmid = {2188222},
 publisher = {ACM},
 address = {New York, NY, USA},
 keywords = {music information retrieval, recommender systems},
} 

@INPROCEEDINGS{Bertin-Mahieux2011,
  author = {Thierry Bertin-Mahieux and Daniel P.W. Ellis and Brian Whitman and Paul Lamere},
  title = {The Million Song Dataset},
  booktitle = {{Proceedings of the 12th International Conference on Music Information
	Retrieval ({ISMIR} 2011)}},
  year = {2011},
  owner = {thierry},
  timestamp = {2010.03.07}
}